<record xmlns="http://www.loc.gov/MARC21/slim" xmlns:xsi="http://www.w3.org/2001/XMLSchema-instance" xsi:schemaLocation="http://www.loc.gov/MARC21/slim http://www.loc.gov/standards/marcxml/schema/MARC21slim.xsd"><leader>     nam a22        4500</leader><controlfield tag="001">3170326</controlfield><controlfield tag="003">NNC</controlfield><controlfield tag="006">m        d        </controlfield><controlfield tag="007">cr cn |||m|||a</controlfield><controlfield tag="008">150601s1904    ua      o     000 0 ara d</controlfield><datafield ind1=" " ind2=" " tag="040"><subfield code="a">NNU</subfield><subfield code="b">eng</subfield><subfield code="e">rda</subfield><subfield code="c">NNU</subfield></datafield><datafield ind1="0" ind2=" " tag="130"><subfield code="6">880-01</subfield><subfield code="a">H&#803;ama&#772;sah.</subfield></datafield><datafield ind1="1" ind2="0" tag="245"><subfield code="6">880-02</subfield><subfield code="a">Di&#772;wa&#772;n al-H&#803;ama&#772;sah :</subfield><subfield code="b">wa-huwa ma&#772; ikhta&#772;rahu Abu&#772; Tamma&#772;m H&#803;abi&#772;b ibn Aws al-T&#803;a&#772;&#700;i&#772; min &#700;ash&#699;a&#772;r &#700;al-&#699;Arab. Wa-&#699;alayhi sharh&#803; yah&#803;ullu ghari&#772;b mufrada&#772;tihi wa-yubayyinu al-mura&#772;d min abya&#772;tihi, mukhtas&#803;ar min Sharh&#803; al-Alla&#772;mah al-Tibri&#772;zi&#772;, ma&#699;a shakl al-matn bi&#700;al-shakl al-ka&#772;mil /</subfield><subfield code="c">li-Muh&#803;ammad &#699;Abd &#700;al-Qa&#772;dir Sa&#699;i&#772;d al-Ra&#772;fi&#699;i&#772;.</subfield></datafield><datafield ind1=" " ind2=" " tag="260"><subfield code="6">880-03</subfield><subfield code="a">Mis&#803;r :</subfield><subfield code="b">Mat&#803;ba&#699;at al-Tawfi&#772;q,</subfield><subfield code="c">1322 [1904]</subfield></datafield><datafield ind1=" " ind2=" " tag="300"><subfield code="a">online resource (2 volumes in 1 (338, 336 pages))</subfield></datafield><datafield ind1=" " ind2=" " tag="336"><subfield code="a">text</subfield><subfield code="2">rdacontent</subfield></datafield><datafield ind1=" " ind2=" " tag="337"><subfield code="a">computer</subfield><subfield code="2">rdamedia</subfield></datafield><datafield ind1=" " ind2=" " tag="338"><subfield code="a">online resource</subfield><subfield code="2">rdacarrier</subfield></datafield><datafield ind1=" " ind2=" " tag="500"><subfield code="a">Part of the Arabic Collections Online (ACO) project, contributed by Columbia University Libraries.</subfield></datafield><datafield ind1=" " ind2=" " tag="533"><subfield code="a">Electronic reproduction.</subfield><subfield code="b">New York, N.Y. :</subfield><subfield code="c">New York University,</subfield><subfield code="d">2015.</subfield><subfield code="5">NNU</subfield></datafield><datafield ind1=" " ind2="0" tag="650"><subfield code="a">Arabic poetry</subfield><subfield code="y">750-1258.</subfield></datafield><datafield ind1=" " ind2="7" tag="650"><subfield code="a">Arabic poetry.</subfield><subfield code="2">fast</subfield><subfield code="0">(OCoLC)fst00812533</subfield></datafield><datafield ind1=" " ind2="7" tag="648"><subfield code="a">750 - 1258</subfield><subfield code="2">fast</subfield></datafield><datafield ind1="0" ind2=" " tag="700"><subfield code="6">880-04</subfield><subfield code="a">Abu&#772; Tamma&#772;m H&#803;abi&#772;b ibn Aws al-T&#803;a&#772;&#700;i&#772;,</subfield><subfield code="d">active 808-842.</subfield></datafield><datafield ind1="1" ind2=" " tag="700"><subfield code="6">880-05</subfield><subfield code="a">Ra&#772;fi&#699;, Muh&#803;ammad Sa&#699;i&#772;d.</subfield><subfield code="t">Sharh Di&#772;wa&#772;n &#700;al-H&#803;ama&#772;sah. </subfield></datafield><datafield ind1="1" ind2=" " tag="700"><subfield code="6">880-06</subfield><subfield code="a">Tibri&#772;zi&#772;, Yah&#803;ya&#769; ibn &#699;Ali&#772;,</subfield><subfield code="d"> -1109.</subfield><subfield code="t">Sharh&#803; &#699;ala&#769; di&#772;wa&#772;n &#700;ash&#699;ar &#700;al-H&#803;ama&#772;sah. </subfield></datafield><datafield ind1="2" ind2=" " tag="710"><subfield code="a">Columbia University.</subfield><subfield code="b">Libraries.</subfield></datafield><datafield ind1="0" ind2=" " tag="730"><subfield code="a">Arabic Collections Online.</subfield></datafield><datafield ind1="0" ind2="8" tag="776"><subfield code="i">Print version:</subfield><subfield code="t">Di&#772;wa&#772;n al-H&#803;ama&#772;sah</subfield><subfield code="w">(NNC)3170326</subfield><subfield code="w">(OCoLC)40556150</subfield></datafield><datafield ind1="4" ind2="0" tag="856"><subfield code="u">http://hdl.handle.net/2333.1/sxksn2j4</subfield></datafield><datafield ind1="0" ind2=" " tag="880"><subfield code="6">130-01/r</subfield><subfield code="a">&#1581;&#1605;&#1575;&#1587;&#1577;.</subfield></datafield><datafield ind1="1" ind2="0" tag="880"><subfield code="6">245-02/r</subfield><subfield code="a">&#1583;&#1610;&#1608;&#1575;&#1606; &#1575;&#1604;&#1581;&#1605;&#1575;&#1587;&#1577; :</subfield><subfield code="b">&#1608;&#1607;&#1608; &#1605;&#1575; &#1575;&#1582;&#1578;&#1575;&#1585;&#1607; &#1575;&#1576;&#1608; &#1578;&#1605;&#1575;&#1605; &#1581;&#1576;&#1610;&#1576; &#1576;&#1606; &#1575;&#1608;&#1587; &#1575;&#1604;&#1591;&#1575;&#1574;&#1610; &#1605;&#1606; &#1571;&#1588;&#1593;&#1575;&#1585; &#1571;&#1604;&#1593;&#1585;&#1576;. &#1608;&#1593;&#1604;&#1610;&#1607; &#1588;&#1585;&#1581; &#1610;&#1581;&#1604; &#1594;&#1585;&#1610;&#1576; &#1605;&#1601;&#1585;&#1583;&#1575;&#1578;&#1607; &#1608;&#1610;&#1576;&#1610;&#1606; &#1575;&#1604;&#1605;&#1585;&#1575;&#1583; &#1605;&#1606; &#1575;&#1576;&#1610;&#1575;&#1578;&#1607;&#1548; &#1605;&#1582;&#1578;&#1589;&#1585; &#1605;&#1606; &#1588;&#1585;&#1581; &#1575;&#1604;&#1593;&#1604;&#1575;&#1605;&#1577; &#1575;&#1604;&#1578;&#1576;&#1585;&#1610;&#1586;&#1610;&#1548; &#1605;&#1593; &#1588;&#1603;&#1604; &#1575;&#1604;&#1605;&#1578;&#1606; &#1576;&#1574;&#1604;&#1588;&#1603;&#1604; &#1575;&#1604;&#1603;&#1575;&#1605;&#1604; /</subfield><subfield code="c">&#1604;&#1605;&#1581;&#1605;&#1583; &#1593;&#1576;&#1583; &#1571;&#1604;&#1602;&#1575;&#1583;&#1585; &#1587;&#1593;&#1610;&#1583; &#1575;&#1604;&#1585;&#1575;&#1601;&#1593;&#1610;.</subfield></datafield><datafield ind1=" " ind2=" " tag="880"><subfield code="6">260-03/r</subfield><subfield code="a">&#1605;&#1589;&#1585; :</subfield><subfield code="b">&#1605;&#1591;&#1576;&#1593;&#1577; &#1575;&#1604;&#1578;&#1608;&#1601;&#1610;&#1602;&#1548;</subfield><subfield code="c">1322 [1904]</subfield></datafield><datafield ind1="0" ind2=" " tag="880"><subfield code="6">700-04/r</subfield><subfield code="a">&#1575;&#1576;&#1608; &#1578;&#1605;&#1575;&#1605; &#1581;&#1576;&#1610;&#1576; &#1576;&#1606; &#1575;&#1608;&#1587; &#1575;&#1604;&#1591;&#1575;&#1574;&#1610;&#1548;</subfield><subfield code="d">active 808-842.</subfield></datafield><datafield ind1="1" ind2=" " tag="880"><subfield code="6">700-05/r</subfield><subfield code="a">&#1585;&#1575;&#1601;&#1593;&#1548; &#1605;&#1581;&#1605;&#1583; &#1587;&#1593;&#1610;&#1583;.</subfield><subfield code="t">&#1588;&#1585;&#1581; &#1583;&#1610;&#1608;&#1575;&#1606; &#1571;&#1604;&#1581;&#1605;&#1575;&#1587;&#1577;. </subfield></datafield><datafield ind1="1" ind2=" " tag="880"><subfield code="6">700-06/r</subfield><subfield code="a">&#1578;&#1576;&#1585;&#1610;&#1586;&#1610;&#1548; &#1610;&#1581;&#1610;&#1609; &#1576;&#1606; &#1593;&#1604;&#1610;&#1548;</subfield><subfield code="d">-1109.</subfield><subfield code="t">&#1588;&#1585;&#1581; &#1593;&#1604;&#1609; &#1583;&#1610;&#1608;&#1575;&#1606; &#1571;&#1588;&#1593;&#1585; &#1571;&#1604;&#1581;&#1605;&#1575;&#1587;&#1577;. </subfield></datafield><datafield ind1=" " ind2=" " tag="959"><subfield code="a">NNU</subfield><subfield code="b">WEB</subfield><subfield code="c">GENI</subfield><subfield code="t">0</subfield><subfield code="m">Electronic access</subfield><subfield code="s">01</subfield></datafield><datafield ind1=" " ind2=" " tag="999"><subfield code="i">NNC_3170326</subfield><subfield code="o">(OCoLC)ocm40556150</subfield><subfield code="s">columbia_aco000438</subfield><subfield code="e">(ERROR-880)</subfield><subfield code="s">columbia_aco000438</subfield></datafield></record>